<?xml version="1.0" encoding="UTF-8"?><collection xmlns="http://www.loc.gov/MARC21/slim"><record><leader>00417nam--2200121-i-4500</leader><controlfield tag="001">000005046</controlfield><controlfield tag="002">20161230</controlfield><controlfield tag="005">20161230201026</controlfield><controlfield tag="008">060222s1000------------r-----000-0-eng-d</controlfield><datafield ind1=" " ind2=" " tag="245"><subfield code="a">Applied automation. a group of significant articles from the pages of automative industries showing the application of modern automation techniques</subfield></datafield><datafield ind1=" " ind2=" " tag="260"><subfield code="a">Philadelphia, Chilton Co., 1956</subfield></datafield><datafield ind1=" " ind2=" " tag="490"><subfield code="a">Ix+236p</subfield></datafield><datafield ind1=" " ind2=" " tag="700"><subfield code="a">Custer, James R</subfield></datafield></record></collection>